<?xml version="1.0" encoding="UTF-8"?><collection xmlns="http://www.loc.gov/MARC21/slim"><record><leader>00364nam--2200121-i-4500</leader><controlfield tag="001">000048330</controlfield><controlfield tag="002">20161230</controlfield><controlfield tag="005">20161230201046</controlfield><controlfield tag="008">060222s1000------------r-----000-0-eng-d</controlfield><datafield ind1=" " ind2=" " tag="100"><subfield code="a">Zbar,Paul B</subfield></datafield><datafield ind1=" " ind2=" " tag="245"><subfield code="a">Electronic instruments and measurements. laboratory manual for electronics technicians</subfield></datafield><datafield ind1=" " ind2=" " tag="260"><subfield code="a">New York, Mcgraw-hill Book Co.,1965. Vi+106 P</subfield></datafield><datafield ind1=" " ind2=" " tag="852"><subfield code="a">24661</subfield></datafield></record></collection>